@book{
    OpenGLMath,
    author="Samuel R. Buss",
    title="3D Computer Graphics: A Mathematical Introduction with OpenGL, 1st Edition",
    publisher="Cambridge University Press",
    year="2003"
},

@book{
    GameMath,
    author="Eric Lengyel",
    title="Mathematics for 3D Game Programming and Computer Graphics, 3rd Edition",
    publisher="Cengage Learning PTR",
    year="2011"
},


@book{
    CompGraphicsDynamic,
    author="Шикин Е.В., Боресков А.В.",
    title="Компьютерная графика. Динамика, реалистические изображения",
    publisher="ДИАЛОГ-МИФИ",
    address="Москва",
    year="1995"
},

@book{
    CompGraphicsPolyg,
    author="Шикин Е.В., Боресков А.В.",
    title="Компьютерная графика. Полигональные модели",
    publisher="ДИАЛОГ-МИФИ",
    address="Москва",
    year="2001"
}

@unpublished{
    Textures,
    author="Cris Hecker",
    title="Perspective Texture Mapping",
}